---
@Book{cart,
 author    = {Breiman, Leo; Friedman, J. H.; Olshen, R. A.; Stone, C. J.},
 title     = {Classification and regression trees.},
 publisher = {Wadsworth & Brooks/Cole Advanced Books & Software},
 year      = {1984},
 address   = {Monterey, CA},
}

@online{global,
 author    = {Global Software Support},
 title     = {Random Forest Classifier â€“ Machine Learning},
 year      = {2018},
 url       = {https://www.globalsoftwaresupport.com/random-forest-classifier/},
 urldate   = {2018-02-23},
 note      = {Accessed: 2019-11-26},
}
